@Article{bateman,
author ="Bateman, Leslie C. and Hughes, Edward D. and Ingold, Christopher K.",
title  ="184. Mechanism of substitution at a saturated carbon atom. Part XIX. A kinetic demonstration of the unimolecular solvolysis of alkyl halides. (Section A) kinetics of{,} and salt effects in{,} the hydrolysis of tert.-butyl bromide in aqueous acetone",
journal  ="J. Chem. Soc.",
year  ="1940",
issue  ="0",
pages  ="960-966",
publisher  ="The Royal Society of Chemistry",
doi  ="10.1039/JR9400000960",
url  ="http://dx.doi.org/10.1039/JR9400000960",
abstract  =""}



@article{lucas,
	author = {Lucas, Howard J.},
	title = {A NEW TEST FOR DISTINGUISHING THE PRIMARY, SECONDARY AND TERTIARY SATURATED ALCOHOLS},
	journal = {J. Am. Chem. Soc.},
	volume = {52},
	number = {2},
	pages = {802-804},
	year = {1930},
	doi = {10.1021/ja01365a053},
	
	URL = { 
	https://doi.org/10.1021/ja01365a053
	},
	eprint = { 
	https://doi.org/10.1021/ja01365a053
	}
}

@article{fittig,
	author = {Fittig, R.},
	title = {Ueber einige Producte der trockenen Destillation essigsaurer Salze},
	journal = {Justus Liebigs Annalen der Chemie},
	volume = {110},
	number = {1},
	pages = {17-23},
	doi = {10.1002/jlac.18591100103},
	url = {https://onlinelibrary.wiley.com/doi/abs/10.1002/jlac.18591100103},
	eprint = {https://onlinelibrary.wiley.com/doi/pdf/10.1002/jlac.18591100103},
	year = {1859}
}

@article{neff,
	author = {Neff, Robynne
	K. and Su, Yong-Liang and Liu, Siqi and Rosado, Melina and Zhang, Xinhao and Doyle, Michael P.},
	title = {Generation of Halomethyl Radicals by Halogen Atom Abstraction and Their Addition Reactions with Alkenes},
	journal = {J. Am. Chem. Soc.},
	volume = {141},
	number = {42},
	pages = {16643-16650},
	year = {2019},
	doi = {10.1021/jacs.9b05921},
	
	URL = { 
	https://doi.org/10.1021/jacs.9b05921
	
	},
	eprint = { 
	https://doi.org/10.1021/jacs.9b05921
	
	}
	
}

@article{yao,
	author = {Yao, Chengbo and Wang, Shuai and Norton, Jack and Hammond, Matthew},
	title = {Catalyzing the Hydrodefluorination of CF3-Substituted Alkenes by PhSiH3. Hâ€¢ Transfer from a Nickel Hydride},
	journal = {J. Am. Chem. Soc.},
	volume = {0},
	number = {0},
	pages = {null},
	year = {2020},
	doi = {10.1021/jacs.9b13757},
	
	URL = { 
	https://doi.org/10.1021/jacs.9b13757
	
	},
	eprint = { 
	https://doi.org/10.1021/jacs.9b13757
	
	}
	
}


