@book{particle,
author = {Mark Thomson},
year = {2013},
title = {Modern Particle Physics},
publisher = {Cambridge Unversity Press}
}

@book{nuc,
author = {Xiting Lu},
year = {2000},
title = {Atomic Nuclear Physics},
}